@article{kennedy1998cationic,
  title={Cationic polymerization astronomy. Synthesis of polymer stars by cationic means},
  author={Kennedy, JP and Jacob, S},
  journal={Accounts of chemical research},
  volume={31},
  number={12},
  pages={835--841},
  year={1998},
  publisher={American Chemical Society}
}

@inproceedings{kumar2008deep,
  title={The deep computing messaging framework: generalized scalable message passing on the blue gene/P supercomputer},
  author={Kumar, Sameer and Dozsa, Gabor and Almasi, Gheorghe and Heidelberger, Philip and Chen, Dong and Giampapa, Mark E and Blocksome, Michael and Faraj, Ahmad and Parker, Jeff and Ratterman, Joseph and others},
  booktitle={Proceedings of the 22nd annual international conference on Supercomputing},
  pages={94--103},
  year={2008},
  organization={ACM}
}


@article{brehmer1993experiments,
  title={Experiments with computer-simulated microworlds: Escaping both the narrow straits of the laboratory and the deep blue sea of the field study},
  author={Brehmer, Berndt and D{\"o}rner, Dietrich},
  journal={Computers in Human Behavior},
  volume={9},
  number={2},
  pages={171--184},
  year={1993},
  publisher={Elsevier}
}
